<record><leader>00000cas a22000007a 4500</leader><controlfield tag="001">15671730</controlfield><controlfield tag="008">870512u1957uuuunjuwr ne      0    0eng d</controlfield><controlfield tag="009">7722</controlfield><datafield ind1=" " ind2=" " tag="010"><subfield code="a">sn 87068137 </subfield></datafield><datafield ind1=" " ind2=" " tag="040"><subfield code="a">NJW</subfield><subfield code="b">eng</subfield><subfield code="c">NJW</subfield></datafield><datafield ind1="1" ind2=" " tag="029"><subfield code="a">AU@</subfield><subfield code="b">000025792551</subfield></datafield><datafield ind1=" " ind2=" " tag="042"><subfield code="a">msc</subfield></datafield><datafield ind1="0" ind2=" " tag="130"><subfield code="a">Victory journal (Jersey City, N.J.)</subfield></datafield><datafield ind1="0" ind2="0" tag="245"><subfield code="a">Victory journal.</subfield></datafield><datafield ind1=" " ind2=" " tag="260"><subfield code="a">Jersey City [N.J.] :</subfield><subfield code="b">Victory Journal Committee,</subfield><subfield code="c">1957-</subfield></datafield><datafield ind1=" " ind2=" " tag="300"><subfield code="a">v.</subfield></datafield><datafield ind1=" " ind2=" " tag="310"><subfield code="a">Weekly</subfield></datafield><datafield ind1="0" ind2=" " tag="362"><subfield code="a">Vol. 1, no. 1 (Apr. 24, 1957)-</subfield></datafield><datafield ind1=" " ind2=" " tag="500"><subfield code="a">Printed in support of the Victory Ticket and against John V. Kenny.</subfield></datafield><datafield ind1=" " ind2=" " tag="752"><subfield code="a">United States</subfield><subfield code="b">New Jersey</subfield><subfield code="c">Hudson</subfield><subfield code="d">Jersey City.</subfield></datafield></record>